@misc{WHOdata,
  title = {Life Expectancy (WHO)},
  year = {2017},
  author= {Kumar Rajarshi},
  howpublished = {\url{https://www.kaggle.com/datasets/kumarajarshi/life-expectancy-who}},
  note = {Accessed: 2024-01-07}
}

@misc{LLama,
    title={meta-llama/Llama-3.2-3B},
    author={Meta AI},
    howpublished = {\url{https://huggingface.co/meta-llama/Llama-3.2-3B}},
    year = {2024},
    note = {Accessed: 2024-01-07}
}

@misc{t5tuned,
    title={juierror/flan-t5-text2sql-with-schema-v2},
    author={Siwa Boonpunmongkol},
    howpublished = {\url{https://huggingface.co/juierror/flan-t5-text2sql-with-schema-v2}},
    note = {Accessed: 2024-01-07},
    year = {2023}
}

@misc{flant5,
    title={google/flan-t5-base},
    author={Google},
    howpublished = {\url{https://huggingface.co/google/flan-t5-base}},
    note = {Accessed: 2024-01-07},
    year = {2022}
}



@Inproceedings{Lin2023,
    author = {Weizhe Lin and Rexhina Blloshmi and Bill Byrne and Adrià de Gispert and Gonzalo Iglesias},
     title = {LI-RAGE: Late interaction retrieval augmented generation with explicit signals for open-domain table question answering},
    year = {2023},
    url = {https://www.amazon.science/publications/li-rage-late-interaction-retrieval-augmented-generation-with-explicit-signals-for-open-domain-table-question-answering},
    booktitle = {ACL 2023},
}

@article{QAdens,
    title = {Open Domain Question Answering over Tables via Dense Retrieval},
    author= {Jonathan Herzig and Thomas Müller and Syrine Krichene and Julian Martin Eisenschlos},
    year ={2021},
    journal = {arXiv preprint arXiv:2103.12011},
    howpublished = {\url{https://arxiv.org/pdf/2103.12011}}
}


@inproceedings{Dense_rep,
    author = {Zheng, Lei and Li, Ning and Chen, Xianyu and Gan, Quan and Zhang, Weinan},
    title = {Dense Representation Learning and Retrieval for Tabular Data Prediction},
    year = {2023},
    isbn = {9798400701030},
    publisher = {Association for Computing Machinery},
    address = {New York, NY, USA},
    url = {https://doi.org/10.1145/3580305.3599305},
    doi = {10.1145/3580305.3599305},
    booktitle = {Proceedings of the 29th ACM SIGKDD Conference on Knowledge Discovery and Data Mining},
    pages = {3559–3569},
    numpages = {11},
    keywords = {deep learning, represent, retrieval, tabular data},
    location = {Long Beach, CA, USA},
    series = {KDD '23}
}


@article{TextTTextTransformer,
  title={Exploring the limits of transfer learning with a unified text-to-text transformer},
  author={Raffel, Colin and Shazeer, Noam and Roberts, Adam and Lee, Katherine and Narang, Sharan and Matena, Michael and Zhou, Yanqi and Li, Wei and Liu, Peter J},
  journal={Journal of machine learning research},
  volume={21},
  number={140},
  pages={1--67},
  year={2020}
}



@article{metadata,
  title={Metadata-based Data Exploration with Retrieval-Augmented Generation for Large Language Models},
  author={Hayashi, Teruaki and Sakaji, Hiroki and Dai, Jiayi and Goebel, Randy},
  journal={arXiv preprint arXiv:2410.04231},
  year={2024}
}

@inproceedings{spider,
    title = "{S}pider: A Large-Scale Human-Labeled Dataset for Complex and Cross-Domain Semantic Parsing and Text-to-{SQL} Task",
    author = "Yu, Tao  and
      Zhang, Rui  and
      Yang, Kai  and
      Yasunaga, Michihiro  and
      Wang, Dongxu  and
      Li, Zifan  and
      Ma, James  and
      Li, Irene  and
      Yao, Qingning  and
      Roman, Shanelle  and
      Zhang, Zilin  and
      Radev, Dragomir",
    editor = "Riloff, Ellen  and
      Chiang, David  and
      Hockenmaier, Julia  and
      Tsujii, Jun{'}ichi",
    booktitle = "Proceedings of the 2018 Conference on Empirical Methods in Natural Language Processing",
    month = oct # "-" # nov,
    year = "2018",
    address = "Brussels, Belgium",
    publisher = "Association for Computational Linguistics",
    url = "https://aclanthology.org/D18-1425/",
    doi = "10.18653/v1/D18-1425",
    pages = "3911--3921",
    
}


@article{Li2023GraphixT5MP,
  title={Graphix-T5: Mixing Pre-Trained Transformers with Graph-Aware Layers for Text-to-SQL Parsing},
  author={Jinyang Li and Binyuan Hui and Reynold Cheng and Bowen Qin and Chenhao Ma and Nan Huo and Fei Huang and Wenyu Du and Luo Si and Yongbin Li},
  journal={ArXiv},
  year={2023},
  volume={abs/2301.07507},
  url={https://api.semanticscholar.org/CorpusID:255998567}
}


@inproceedings{seqtoseq,
 author = {Sutskever, Ilya and Vinyals, Oriol and Le, Quoc V},
 booktitle = {Advances in Neural Information Processing Systems},
 editor = {Z. Ghahramani and M. Welling and C. Cortes and N. Lawrence and K.Q. Weinberger},
 pages = {},
 publisher = {Curran Associates, Inc.},
 title = {Sequence to Sequence Learning with Neural Networks},
 url = {https://proceedings.neurips.cc/paper_files/paper/2014/file/a14ac55a4f27472c5d894ec1c3c743d2-Paper.pdf},
 volume = {27},
 year = {2014}
}

@article{dong2016language,
  title={Language to logical form with neural attention},
  author={Dong, Li and Lapata, Mirella},
  journal={arXiv preprint arXiv:1601.01280},
  year={2016}
}

@article{touvron2023llama,
  title={Llama 2: Open foundation and fine-tuned chat models},
  author={Touvron, Hugo and Martin, Louis and Stone, Kevin and Albert, Peter and Almahairi, Amjad and Babaei, Yasmine and Bashlykov, Nikolay and Batra, Soumya and Bhargava, Prajjwal and Bhosale, Shruti and others},
  journal={arXiv preprint arXiv:2307.09288},
  year={2023}
}


@inproceedings{ROUGE,
  title={ROUGE: A Package for Automatic Evaluation of Summaries},
  author={Chin-Yew Lin},
  booktitle={Annual Meeting of the Association for Computational Linguistics},
  year={2004},
  url={https://api.semanticscholar.org/CorpusID:964287}
}



@misc{sqlite,
  author       = {SQLite Development Team},
  title        = {SQLite: Self-Contained, High-Reliability, Embedded, Full-Featured, Public-Domain SQL Database Engine},
  year         = {2025},
  url          = {https://www.sqlite.org/},
  note         = {Accessed: 2025-01-07}
}


@article{sparc,
  title={Sparc: Cross-domain semantic parsing in context},
  author={Yu, Tao and Zhang, Rui and Yasunaga, Michihiro and Tan, Yi Chern and Lin, Xi Victoria and Li, Suyi and Er, Heyang and Li, Irene and Pang, Bo and Chen, Tao and others},
  journal={arXiv preprint arXiv:1906.02285},
  year={2019}
}

@article{cosql,
  title={Cosql: A conversational text-to-sql challenge towards cross-domain natural language interfaces to databases},
  author={Yu, Tao and Zhang, Rui and Er, He Yang and Li, Suyi and Xue, Eric and Pang, Bo and Lin, Xi Victoria and Tan, Yi Chern and Shi, Tianze and Li, Zihan and others},
  journal={arXiv preprint arXiv:1909.05378},
  year={2019}
}


@article{t5scaling,
  title={Scaling instruction-finetuned language models},
  author={Chung, Hyung Won and Hou, Le and Longpre, Shayne and Zoph, Barret and Tay, Yi and Fedus, William and Li, Yunxuan and Wang, Xuezhi and Dehghani, Mostafa and Brahma, Siddhartha and others},
  journal={Journal of Machine Learning Research},
  volume={25},
  number={70},
  pages={1--53},
  year={2024}
}